@article{beneduci2014joint,
  title={Joint measurability through Naimark's theorem},
  author={Beneduci, Roberto},
  journal={arXiv preprint arXiv:1404.1477},
  year={2014}
}


@article{vandenberghe1996semidefinite,
  title={Semidefinite programming},
  author={Vandenberghe, Lieven and Boyd, Stephen},
  journal={SIAM review},
  volume={38},
  number={1},
  pages={49--95},
  year={1996},
  publisher={SIAM}
}


@book{LudwigQuantenmechanik,
   title =     {Die Grundlagen der Quantenmechanik},
   author =    {Dr. Rer. Nat. G\"unther Ludwig},
   publisher = {Springer Berlin Heidelberg},
   isbn =      {978-3-662-11921-1,978-3-662-11920-4},
   year =      {1954},
   series =    {Die Grundlehren der Mathematischen Wissenschaften 70},
   edition =   {},
   volume =    {}
}


@article{ludwig1953messprozess,
  title={Der me{\ss}proze{\ss}},
  author={Ludwig, G},
  journal={Zeitschrift f{\"u}r Physik A Hadrons and Nuclei},
  volume={135},
  number={5},
  pages={483--511},
  year={1953},
  publisher={Springer}
}


@article{kunjwal2013all,
  title={All joint measurability structures are quantum realizable},
  author={Kunjwal, Ravi and Heunen, Chris and Fritz, Tobias},
  journal={arXiv preprint arXiv:1311.5948},
  year={2013}
}

@article{heinosaari2008notes,
  title={Notes on joint measurability of quantum observables},
  author={Heinosaari, Teiko and Reitzner, Daniel and Stano, Peter},
  journal={Foundations of Physics},
  volume={38},
  number={12},
  pages={1133--1147},
  year={2008},
  publisher={Springer}
}

@book{lysternik1968elemente,
  title={Elemente der Funktionalanalysis},
  author={Lysternik, LA and Sobolev, VI},
  year={1968},
  publisher={Akademie Verlag}
}

@article{wolfgarcia,
  title = {Measurements Incompatible in Quantum Theory Cannot Be Measured Jointly in Any Other No-Signaling Theory},
  author = {Wolf, Michael M. and Perez-Garcia, David and Fernandez, Carlos},
  journal = {Phys. Rev. Lett.},
  volume = {103},
  issue = {23},
  pages = {230402},
  numpages = {4},
  year = {2009},
  month = {Dec},
  publisher = {American Physical Society},
  doi = {10.1103/PhysRevLett.103.230402},
  url = {http://link.aps.org/doi/10.1103/PhysRevLett.103.230402}
}

